<record><leader>00000cas a2200000 a 4500</leader><controlfield tag="001">30722106</controlfield><controlfield tag="008">940707c19319999oruwr ne      0    0eng c</controlfield><datafield ind1=" " ind2=" " tag="010"><subfield code="a">sn 96088413 </subfield></datafield><datafield ind1=" " ind2=" " tag="040"><subfield code="a">ORY</subfield><subfield code="b">eng</subfield><subfield code="c">ORY</subfield><subfield code="d">OCL</subfield><subfield code="d">OCN</subfield><subfield code="d">OCLCQ</subfield><subfield code="d">OCLCF</subfield><subfield code="d">OCLCO</subfield></datafield><datafield ind1="1" ind2=" " tag="029"><subfield code="a">AU@</subfield><subfield code="b">000025922896</subfield></datafield><datafield ind1=" " ind2=" " tag="037"><subfield code="b">P.O. Box 284, 107 West First Street, Moro, Or. 97039</subfield></datafield><datafield ind1=" " ind2=" " tag="042"><subfield code="a">pcc</subfield></datafield><datafield ind1=" " ind2=" " tag="043"><subfield code="a">n-us-or</subfield></datafield><datafield ind1="0" ind2="0" tag="245"><subfield code="a">Sherman County journal.</subfield></datafield><datafield ind1=" " ind2=" " tag="260"><subfield code="a">Moro, Or. :</subfield><subfield code="b">G.L. French,</subfield><subfield code="c">1931-</subfield></datafield><datafield ind1=" " ind2=" " tag="300"><subfield code="a">v. :</subfield><subfield code="b">ill. ;</subfield><subfield code="c">56 cm.</subfield></datafield><datafield ind1=" " ind2=" " tag="310"><subfield code="a">Weekly</subfield></datafield><datafield ind1="0" ind2=" " tag="362"><subfield code="a">Vol. 1, no. 1 (Mar. 6, 1931)-</subfield></datafield><datafield ind1=" " ind2=" " tag="515"><subfield code="a">Some irregularities in numbering.</subfield></datafield><datafield ind1=" " ind2="0" tag="651"><subfield code="a">Sherman County (Or.)</subfield><subfield code="v">Newspapers.</subfield></datafield><datafield ind1=" " ind2="0" tag="651"><subfield code="a">Moro (Or.)</subfield><subfield code="v">Newspapers.</subfield></datafield><datafield ind1=" " ind2="0" tag="651"><subfield code="a">Wasco (Or.)</subfield><subfield code="v">Newspapers.</subfield></datafield><datafield ind1=" " ind2="7" tag="655"><subfield code="a">Newspapers.</subfield><subfield code="2">fast</subfield><subfield code="0">(OCoLC)fst01423814</subfield></datafield><datafield ind1=" " ind2="7" tag="651"><subfield code="a">Oregon</subfield><subfield code="z">Moro.</subfield><subfield code="2">fast</subfield><subfield code="0">(OCoLC)fst01280933</subfield></datafield><datafield ind1=" " ind2="7" tag="651"><subfield code="a">Oregon</subfield><subfield code="z">Sherman County.</subfield><subfield code="2">fast</subfield><subfield code="0">(OCoLC)fst01216473</subfield></datafield><datafield ind1=" " ind2="7" tag="651"><subfield code="a">Oregon</subfield><subfield code="z">Wasco.</subfield><subfield code="2">fast</subfield><subfield code="0">(OCoLC)fst01280950</subfield></datafield><datafield ind1=" " ind2=" " tag="752"><subfield code="a">United States</subfield><subfield code="b">Oregon</subfield><subfield code="c">Sherman</subfield><subfield code="d">Moro.</subfield></datafield><datafield ind1="0" ind2="4" tag="780"><subfield code="t">Grass Valley journal</subfield><subfield code="w">(DLC)sn 96088412</subfield></datafield><datafield ind1="0" ind2="4" tag="780"><subfield code="t">Sherman County observer</subfield><subfield code="w">(DLC)sn 96088415</subfield></datafield><datafield ind1="0" ind2="5" tag="780"><subfield code="t">Wasco news-enterprise (Wasco, Or.)</subfield></datafield><datafield ind1=" " ind2=" " tag="936"><subfield code="a">June 6, 1996 (LIC)</subfield></datafield></record>